<?xml version="1.0" encoding="UTF-8"?><collection xmlns="http://www.loc.gov/MARC21/slim"><record><leader>00544nam--2200181-i-4500</leader><controlfield tag="001">000034150</controlfield><controlfield tag="002">20161230</controlfield><controlfield tag="005">20161230201039</controlfield><controlfield tag="008">060222s1000------------r-----000-0-rus-d</controlfield><datafield ind1=" " ind2=" " tag="040"><subfield code="a">IFIN-HH</subfield></datafield><datafield ind1=" " ind2=" " tag="041"><subfield code="a">rus</subfield></datafield><datafield ind1=" " ind2=" " tag="080"><subfield code="a">539.1.07</subfield></datafield><datafield ind1="1" ind2=" " tag="100"><subfield code="a">Makarov, V.I</subfield></datafield><datafield ind1="1" ind2="0" tag="245"><subfield code="a">Bloki detektirovania ioniziruyusih izlucenii</subfield><subfield code="b">Vipusk 4 ekspluatatia i remont apparaturi dlia izmerenia ionniziruyusih izlucenii</subfield><subfield code="c">V.i. makarov</subfield></datafield><datafield ind1=" " ind2=" " tag="260"><subfield code="a">Moskva</subfield><subfield code="b">Atomizdat</subfield><subfield code="c">1972</subfield></datafield><datafield ind1=" " ind2=" " tag="300"><subfield code="a">72P</subfield></datafield><datafield ind1=" " ind2=" " tag="852"><subfield code="a">39712</subfield><subfield code="c">539.1.07:539.1.08</subfield></datafield><datafield ind1=" " ind2=" " tag="CAT"><subfield code="a">Sys</subfield><subfield code="c">20111025</subfield><subfield code="h">144958</subfield></datafield></record></collection>